@article{juri2014,
    author = {Juri, Alessandro},
    year = {2014},
    volume={4},
    number={1},
    pages = {173-221},
    title = {Lending Values and Liquidity Risk},
    journal = {Journal of Applied Finance \& Banking}
}

@article{jarrow2005liquidity,
  title={Liquidity risk and risk measure computation},
  author={Jarrow, Robert and Protter, Philip},
  journal={Review of Futures Markets},
  volume={11},
  number={1},
  pages={27-39},
  year={2005},
  publisher={Citeseer}
}

@misc{UBSwhyborrow,
    title={Why borrow if you are already wealthy},
    url={https://t.ly/8Z97v},
    journal={Why borrow if you are already wealthy},
    publisher={UBS Wealth Management - Global},
    year={2021},
    note={Accessed: 2024-03-07}
} 