@article{article,
    author = {Juri, Alessandro},
    year = {2014},
    volume={4},
    number={1},
    pages = {173-221},
    title = {Lending Values and Liquidity Risk},
    journal = {Journal of Applied Finance & Banking}
}